<?xml version="1.0" encoding="UTF-8"?><collection xmlns="http://www.loc.gov/MARC21/slim"><record><leader>00441nam--2200133-i-4500</leader><controlfield tag="001">000037605</controlfield><controlfield tag="002">20161230</controlfield><controlfield tag="005">20161230201041</controlfield><controlfield tag="008">060222s1000------------r-----000-0-eng-d</controlfield><datafield ind1=" " ind2=" " tag="080"><subfield code="a">541.127</subfield></datafield><datafield ind1=" " ind2=" " tag="245"><subfield code="a">Progress in reaction kinetics. vol.6/1:reactions of hydrocarbons with mixtures of active nitrogen and hydrogen atoms. the ovolution of flash photolysis ..</subfield></datafield><datafield ind1=" " ind2=" " tag="260"><subfield code="a">Oxford, Pergamon Press, 1971</subfield></datafield><datafield ind1=" " ind2=" " tag="700"><subfield code="a">K.W.H.Stevens</subfield></datafield><datafield ind1=" " ind2=" " tag="852"><subfield code="a">17117</subfield></datafield></record></collection>